%% This BibTeX bibliography file was created using BibDesk.
%% http://bibdesk.sourceforge.net/


%% Created for Ella Kaye at 2015-10-20 16:06:22 +0100 


%% Saved with string encoding Unicode (UTF-8) 



@article{Efron1979,
	Author = {Bradley Efron},
	Date-Added = {2015-10-20 14:11:12 +0000},
	Date-Modified = {2015-10-20 15:06:05 +0000},
	Journal = {Annals of Statistics},
	Pages = {1-26},
	Title = {Bootstrap methods: another look at the jackknife},
	Volume = {7},
	Year = {1979}}

@article{Kleiner2014,
	Author = {Ariel Kleiner and Ameet Talwalkar and Purnamrita Sarkar and Michael I Jordan},
	Date-Added = {2015-10-20 14:08:49 +0000},
	Date-Modified = {2015-10-20 15:06:16 +0000},
	Journal = {Journal of the Royal Statistical Society (Series B)},
	Number = {4},
	Pages = {795-816},
	Read = {1},
	Title = {A scalable bootstrap for massive data},
	Volume = {76},
	Year = {2014},
	Bdsk-File-1 = {YnBsaXN0MDDUAQIDBAUGJCVYJHZlcnNpb25YJG9iamVjdHNZJGFyY2hpdmVyVCR0b3ASAAGGoKgHCBMUFRYaIVUkbnVsbNMJCgsMDxJXTlMua2V5c1pOUy5vYmplY3RzViRjbGFzc6INDoACgAOiEBGABIAFgAdccmVsYXRpdmVQYXRoWWFsaWFzRGF0YV8QgC4uLy4uLy4uLy4uLy4uLy4uL01hdGhzIGFuZCBTdGF0cy9Qcm9iYWJpbGl0eSBhbmQgU3RhdHMvUGFwZXJzL0tsZWluZXIgZXQgYWwuIC0gMjAxNCAtIEEgU2NhbGFibGUgQm9vdHN0cmFwIGZvciBNYXNzaXZlIERhdGEucGRm0hcLGBlXTlMuZGF0YU8RApAAAAAAApAAAgAADE1hY2ludG9zaCBIRAAAAAAAAAAAAAAAAAAAAM/UONZIKwAAAG1H6x9LbGVpbmVyIGV0IGFsLiAtIDIwMSM2RDQ3RjIucGRmAAAAAAAAAAAAAAAAAAAAAAAAAAAAAAAAAAAAAAAAAAAAbUfy0kLhbgAAAAAAAAAAAAYABAAACSAAAAAAAAAAAAAAAAAAAAAGUGFwZXJzABAACAAAz9QqxgAAABEACAAA0kLTXgAAAAEAGABtR+sAWzw2AFs8MwBbK4oACTXxAAJm+QACAHdNYWNpbnRvc2ggSEQ6VXNlcnM6AGVsbGFrYXllOgBCb3ggU3luYzoATWF0aHMgYW5kIFN0YXRzOgBQcm9iYWJpbGl0eSBhbmQgU3RhdHM6AFBhcGVyczoAS2xlaW5lciBldCBhbC4gLSAyMDEjNkQ0N0YyLnBkZgAADgCEAEEASwBsAGUAaQBuAGUAcgAgAGUAdAAgAGEAbAAuACAALQAgADIAMAAxADQAIAAtACAAQQAgAFMAYwBhAGwAYQBiAGwAZQAgAEIAbwBvAHQAcwB0AHIAYQBwACAAZgBvAHIAIABNAGEAcwBzAGkAdgBlACAARABhAHQAYQAuAHAAZABmAA8AGgAMAE0AYQBjAGkAbgB0AG8AcwBoACAASABEABIAhlVzZXJzL2VsbGFrYXllL0JveCBTeW5jL01hdGhzIGFuZCBTdGF0cy9Qcm9iYWJpbGl0eSBhbmQgU3RhdHMvUGFwZXJzL0tsZWluZXIgZXQgYWwuIC0gMjAxNCAtIEEgU2NhbGFibGUgQm9vdHN0cmFwIGZvciBNYXNzaXZlIERhdGEucGRmABMAAS8AABUAAgAP//8AAIAG0hscHR5aJGNsYXNzbmFtZVgkY2xhc3Nlc11OU011dGFibGVEYXRhox0fIFZOU0RhdGFYTlNPYmplY3TSGxwiI1xOU0RpY3Rpb25hcnmiIiBfEA9OU0tleWVkQXJjaGl2ZXLRJidUcm9vdIABAAgAEQAaACMALQAyADcAQABGAE0AVQBgAGcAagBsAG4AcQBzAHUAdwCEAI4BEQEWAR4DsgO0A7kDxAPNA9sD3wPmA+8D9AQBBAQEFgQZBB4AAAAAAAACAQAAAAAAAAAoAAAAAAAAAAAAAAAAAAAEIA==}}

@article{Rubin1981,
	Author = {Donald B Rubin},
	Date-Added = {2015-10-20 14:07:34 +0000},
	Date-Modified = {2015-10-20 15:06:21 +0000},
	Journal = {The Annals of Statistics},
	Number = {1},
	Pages = {130-134},
	Read = {1},
	Title = {The Bayesian Bootstrap},
	Volume = {9},
	Year = {1981},
	Bdsk-File-1 = {YnBsaXN0MDDUAQIDBAUGJCVYJHZlcnNpb25YJG9iamVjdHNZJGFyY2hpdmVyVCR0b3ASAAGGoKgHCBMUFRYaIVUkbnVsbNMJCgsMDxJXTlMua2V5c1pOUy5vYmplY3RzViRjbGFzc6INDoACgAOiEBGABIAFgAdccmVsYXRpdmVQYXRoWWFsaWFzRGF0YV8QaC4uLy4uLy4uLy4uLy4uLy4uL01hdGhzIGFuZCBTdGF0cy9Qcm9iYWJpbGl0eSBhbmQgU3RhdHMvUGFwZXJzL1J1YmluIC0gMTk4MSAtIFRoZSBCYXllc2lhbiBCb290c3RyYXAucGRm0hcLGBlXTlMuZGF0YU8RAkgAAAAAAkgAAgAADE1hY2ludG9zaCBIRAAAAAAAAAAAAAAAAAAAAM/UONZIKwAAAG1H6x9SdWJpbiAtIDE5ODEgLSBUaGUgQiM2RDQ3RjAucGRmAAAAAAAAAAAAAAAAAAAAAAAAAAAAAAAAAAAAAAAAAAAAbUfw0kLhbgAAAAAAAAAAAAYABAAACSAAAAAAAAAAAAAAAAAAAAAGUGFwZXJzABAACAAAz9QqxgAAABEACAAA0kLTXgAAAAEAGABtR+sAWzw2AFs8MwBbK4oACTXxAAJm+QACAHdNYWNpbnRvc2ggSEQ6VXNlcnM6AGVsbGFrYXllOgBCb3ggU3luYzoATWF0aHMgYW5kIFN0YXRzOgBQcm9iYWJpbGl0eSBhbmQgU3RhdHM6AFBhcGVyczoAUnViaW4gLSAxOTgxIC0gVGhlIEIjNkQ0N0YwLnBkZgAADgBUACkAUgB1AGIAaQBuACAALQAgADEAOQA4ADEAIAAtACAAVABoAGUAIABCAGEAeQBlAHMAaQBhAG4AIABCAG8AbwB0AHMAdAByAGEAcAAuAHAAZABmAA8AGgAMAE0AYQBjAGkAbgB0AG8AcwBoACAASABEABIAblVzZXJzL2VsbGFrYXllL0JveCBTeW5jL01hdGhzIGFuZCBTdGF0cy9Qcm9iYWJpbGl0eSBhbmQgU3RhdHMvUGFwZXJzL1J1YmluIC0gMTk4MSAtIFRoZSBCYXllc2lhbiBCb290c3RyYXAucGRmABMAAS8AABUAAgAP//8AAIAG0hscHR5aJGNsYXNzbmFtZVgkY2xhc3Nlc11OU011dGFibGVEYXRhox0fIFZOU0RhdGFYTlNPYmplY3TSGxwiI1xOU0RpY3Rpb25hcnmiIiBfEA9OU0tleWVkQXJjaGl2ZXLRJidUcm9vdIABAAgAEQAaACMALQAyADcAQABGAE0AVQBgAGcAagBsAG4AcQBzAHUAdwCEAI4A+QD+AQYDUgNUA1kDZANtA3sDfwOGA48DlAOhA6QDtgO5A74AAAAAAAACAQAAAAAAAAAoAAAAAAAAAAAAAAAAAAADwA==}}

@article{Efron1983,
	Author = {Bradley Efron and Gail Gong},
	Date-Added = {2015-10-20 14:05:53 +0000},
	Date-Modified = {2015-10-20 15:06:11 +0000},
	Journal = {The American Statistician},
	Number = {1},
	Pages = {36-48},
	Read = {1},
	Title = {A Leisurely Look at the Bootstrap, the Jackknife, and Cross-Validation},
	Volume = {37},
	Year = {1983},
	Bdsk-File-1 = {YnBsaXN0MDDUAQIDBAUGJCVYJHZlcnNpb25YJG9iamVjdHNZJGFyY2hpdmVyVCR0b3ASAAGGoKgHCBMUFRYaIVUkbnVsbNMJCgsMDxJXTlMua2V5c1pOUy5vYmplY3RzViRjbGFzc6INDoACgAOiEBGABIAFgAdccmVsYXRpdmVQYXRoWWFsaWFzRGF0YV8Qni4uLy4uLy4uLy4uLy4uLy4uL01hdGhzIGFuZCBTdGF0cy9Qcm9iYWJpbGl0eSBhbmQgU3RhdHMvUGFwZXJzL0Vmcm9uLCBHb25nIC0gMTk4MyAtIEEgbGVpc3VyZWx5IGxvb2sgYXQgdGhlIGJvb3RzdHJhcCwgdGhlIGphY2trbmlmZSwgYW5kIGNyb3NzLXZhbGlkYXRpb24ucGRm0hcLGBlXTlMuZGF0YU8RAuoAAAAAAuoAAgAADE1hY2ludG9zaCBIRAAAAAAAAAAAAAAAAAAAAM/UONZIKwAAAG1H6x9FZnJvbiwgR29uZyAtIDE5ODMgLSM2RDVCMDcucGRmAAAAAAAAAAAAAAAAAAAAAAAAAAAAAAAAAAAAAAAAAAAAbVsH0kLhbgAAAAAAAAAAAAYABAAACSAAAAAAAAAAAAAAAAAAAAAGUGFwZXJzABAACAAAz9QqxgAAABEACAAA0kLTXgAAAAEAGABtR+sAWzw2AFs8MwBbK4oACTXxAAJm+QACAHdNYWNpbnRvc2ggSEQ6VXNlcnM6AGVsbGFrYXllOgBCb3ggU3luYzoATWF0aHMgYW5kIFN0YXRzOgBQcm9iYWJpbGl0eSBhbmQgU3RhdHM6AFBhcGVyczoARWZyb24sIEdvbmcgLSAxOTgzIC0jNkQ1QjA3LnBkZgAADgDAAF8ARQBmAHIAbwBuACwAIABHAG8AbgBnACAALQAgADEAOQA4ADMAIAAtACAAQQAgAGwAZQBpAHMAdQByAGUAbAB5ACAAbABvAG8AawAgAGEAdAAgAHQAaABlACAAYgBvAG8AdABzAHQAcgBhAHAALAAgAHQAaABlACAAagBhAGMAawBrAG4AaQBmAGUALAAgAGEAbgBkACAAYwByAG8AcwBzAC0AdgBhAGwAaQBkAGEAdABpAG8AbgAuAHAAZABmAA8AGgAMAE0AYQBjAGkAbgB0AG8AcwBoACAASABEABIApFVzZXJzL2VsbGFrYXllL0JveCBTeW5jL01hdGhzIGFuZCBTdGF0cy9Qcm9iYWJpbGl0eSBhbmQgU3RhdHMvUGFwZXJzL0Vmcm9uLCBHb25nIC0gMTk4MyAtIEEgbGVpc3VyZWx5IGxvb2sgYXQgdGhlIGJvb3RzdHJhcCwgdGhlIGphY2trbmlmZSwgYW5kIGNyb3NzLXZhbGlkYXRpb24ucGRmABMAAS8AABUAAgAP//8AAIAG0hscHR5aJGNsYXNzbmFtZVgkY2xhc3Nlc11OU011dGFibGVEYXRhox0fIFZOU0RhdGFYTlNPYmplY3TSGxwiI1xOU0RpY3Rpb25hcnmiIiBfEA9OU0tleWVkQXJjaGl2ZXLRJidUcm9vdIABAAgAEQAaACMALQAyADcAQABGAE0AVQBgAGcAagBsAG4AcQBzAHUAdwCEAI4BLwE0ATwEKgQsBDEEPARFBFMEVwReBGcEbAR5BHwEjgSRBJYAAAAAAAACAQAAAAAAAAAoAAAAAAAAAAAAAAAAAAAEmA==}}
